<?xml version="1.0" encoding="UTF-8"?><record xmlns="http://www.loc.gov/MARC21/slim" xmlns:cinclude="http://apache.org/cocoon/include/1.0" xmlns:zs="http://www.loc.gov/zing/srw/">
  <leader>00764nz  a2200169n  4500</leader>
  <controlfield tag="001">no2011139323</controlfield>
  <controlfield tag="003">DLC</controlfield>
  <controlfield tag="005">20110909075347.0</controlfield>
  <controlfield tag="008">110907n| acannaabn          |a ana     c</controlfield>
  <datafield tag="010" ind1=" " ind2=" ">
    <subfield code="a">no2011139323</subfield>
  </datafield>
  <datafield tag="035" ind1=" " ind2=" ">
    <subfield code="a">(OCoLC)oca08968987</subfield>
  </datafield>
  <datafield tag="040" ind1=" " ind2=" ">
    <subfield code="a">TxCM</subfield>
    <subfield code="b">eng</subfield>
    <subfield code="c">TxCM</subfield>
  </datafield>
  <datafield tag="110" ind1="2" ind2=" ">
    <subfield code="a">Sociedade Brasileira de Citopatologia</subfield>
  </datafield>
  <datafield tag="410" ind1="2" ind2=" ">
    <subfield code="a">SBC</subfield>
  </datafield>
  <datafield tag="670" ind1=" " ind2=" ">
    <subfield code="a">SBC notícias, jan./fev. 2008:</subfield>
    <subfield code="b">caption (Sociedade Brasileira de Citopatologia) masthead (Rua Siqueira Campos, 43 sl 736, Copacabana, Rio de Janeiro)</subfield>
  </datafield>
  <datafield tag="670" ind1=" " ind2=" ">
    <subfield code="a">Classificação brasileira hierarquizada de procedimentos médicos, 2005:</subfield>
    <subfield code="b">p.  6 (Sociedade Brasileira de Citopatologia)</subfield>
  </datafield>
  <datafield tag="670" ind1=" " ind2=" ">
    <subfield code="a">Sociedade Brasileira de Citopatologia website, viewed Aug. 5, 2011</subfield>
    <subfield code="b">homepage (Sociedade Brasileira de Citopatologia, SBC)</subfield>
  </datafield>
</record>